@article{sauser2009projects,
  title={Why projects fail? How contingency theory can provide new insights--A comparative analysis of NASA’s Mars Climate Orbiter loss},
  author={Sauser, Brian J and Reilly, Richard R and Shenhar, Aaron J},
  journal={International Journal of Project Management},
  volume={27},
  number={7},
  pages={665--679},
  year={2009},
  publisher={Elsevier}
}

@inproceedings{dietterich2000ensemble,
  title={Ensemble methods in machine learning},
  author={Dietterich, Thomas G},
  booktitle={International workshop on multiple classifier systems},
  pages={1--15},
  year={2000},
  organization={Springer}
}

@techreport{zhu2005semi,
  title={Semi-supervised learning literature survey},
  author={Zhu, Xiaojin Jerry},
  year={2005},
  institution={University of Wisconsin-Madison Department of Computer Sciences}
}

@inproceedings{kale2011cross,
  title={Cross-validation and mean-square stability},
  author={Kale, Satyen and Kumar, Ravi and Vassilvitskii, Sergei},
  booktitle={In Proceedings of the Second Symposium on Innovations in Computer Science (ICS2011},
  year={2011},
  organization={Citeseer}
}

@article{kamei2016studying,
  title={Studying just-in-time defect prediction using cross-project models},
  author={Kamei, Yasutaka and Fukushima, Takafumi and McIntosh, Shane and Yamashita, Kazuhiro and Ubayashi, Naoyasu and Hassan, Ahmed E},
  journal={Empirical Software Engineering},
  volume={21},
  number={5},
  pages={2072--2106},
  year={2016},
  publisher={Springer}
}

@inproceedings{rosen2015commit,
  title={Commit guru: analytics and risk prediction of software commits},
  author={Rosen, Christoffer and Grawi, Ben and Shihab, Emad},
  booktitle={Proceedings of the 2015 10th Joint Meeting on Foundations of Software Engineering},
  pages={966--969},
  year={2015},
  organization={ACM}
}

@article{kamei2013large,
  title={A large-scale empirical study of just-in-time quality assurance},
  author={Kamei, Yasutaka and Shihab, Emad and Adams, Bram and Hassan, Ahmed E and Mockus, Audris and Sinha, Anand and Ubayashi, Naoyasu},
  journal={IEEE Transactions on Software Engineering},
  volume={39},
  number={6},
  pages={757--773},
  year={2013},
  publisher={IEEE}
}

@article{briski2008minimizing,
  title={Minimizing code defects to improve software quality and lower development costs},
  author={Briski, KA and Chitale, Poonam and Hamilton, Valerie and Pratt, Allan and Starr, B and Veroulis, J and Villard, B},
  journal={Development Solutions. IBM. Crawford, B., Soto, R., de la Barra, CL},
  year={2008}
}

@inproceedings{durumeric2014matter,
  title={The matter of heartbleed},
  author={Durumeric, Zakir and Li, Frank and Kasten, James and Amann, Johanna and Beekman, Jethro and Payer, Mathias and Weaver, Nicolas and Adrian, David and Paxson, Vern and Bailey, Michael and others},
  booktitle={Proceedings of the 2014 conference on internet measurement conference},
  pages={475--488},
  year={2014},
  organization={ACM}
}

@inproceedings{pratt1995anatomy,
  title={Anatomy of the Pentium bug},
  author={Pratt, Vaughan},
  booktitle={Colloquium on Trees in Algebra and Programming},
  pages={97--107},
  year={1995},
  organization={Springer}
}

@inproceedings{tan2015online,
  title={Online defect prediction for imbalanced data},
  author={Tan, Ming and Tan, Lin and Dara, Sashank and Mayeux, Caleb},
  booktitle={2015 IEEE/ACM 37th IEEE International Conference on Software Engineering},
  volume={2},
  pages={99--108},
  year={2015},
  organization={IEEE}
}

@inproceedings{kamei2016defect,
  title={Defect prediction: Accomplishments and future challenges},
  author={Kamei, Yasutaka and Shihab, Emad},
  booktitle={2016 IEEE 23rd international conference on software analysis, evolution, and reengineering (SANER)},
  volume={5},
  pages={33--45},
  year={2016},
  organization={IEEE}
}

@incollection{koza1996automated,
  title={Automated design of both the topology and sizing of analog electrical circuits using genetic programming},
  author={Koza, John R and Bennett, Forrest H and Andre, David and Keane, Martin A},
  booktitle={Artificial Intelligence in Design’96},
  pages={151--170},
  year={1996},
  publisher={Springer}
}

@inproceedings{sliwerski2005changes,
  title={When do changes induce fixes?},
  author={{\'S}liwerski, Jacek and Zimmermann, Thomas and Zeller, Andreas},
  booktitle={ACM sigsoft software engineering notes},
  volume={30},
  pages={1--5},
  year={2005},
  organization={ACM}
}

@inproceedings{williams2008szz,
  title={Szz revisited: verifying when changes induce fixes},
  author={Williams, Chadd and Spacco, Jaime},
  booktitle={Proceedings of the 2008 workshop on Defects in large software systems},
  pages={32--36},
  year={2008},
  organization={ACM}
}

@article{chapelle2009semi,
  title={Semi-supervised learning (chapelle, o. et al., eds.; 2006)[book reviews]},
  author={Chapelle, Olivier and Scholkopf, Bernhard and Zien, Alexander},
  journal={IEEE Transactions on Neural Networks},
  volume={20},
  number={3},
  pages={542--542},
  year={2009},
  publisher={IEEE}
}

@inproceedings{alali2008s,
  title={What's a typical commit? a characterization of open source software repositories},
  author={Alali, Abdulkareem and Kagdi, Huzefa and Maletic, Jonathan I},
  booktitle={2008 16th IEEE International Conference on Program Comprehension},
  pages={182--191},
  year={2008},
  organization={IEEE}
}

@article{li2012sample,
  title={Sample-based software defect prediction with active and semi-supervised learning},
  author={Li, Ming and Zhang, Hongyu and Wu, Rongxin and Zhou, Zhi-Hua},
  journal={Automated Software Engineering},
  volume={19},
  number={2},
  pages={201--230},
  year={2012},
  publisher={Springer}
}

@inproceedings{lewis2013does,
  title={Does bug prediction support human developers? findings from a google case study},
  author={Lewis, Chris and Lin, Zhongpeng and Sadowski, Caitlin and Zhu, Xiaoyan and Ou, Rong and Whitehead Jr, E James},
  booktitle={Proceedings of the 2013 international conference on Software Engineering},
  pages={372--381},
  year={2013},
  organization={IEEE Press}
}

@inproceedings{nayrolles2018clever,
  title={CLEVER: combining code metrics with clone detection for just-in-time fault prevention and resolution in large industrial projects},
  author={Nayrolles, Mathieu and Hamou-Lhadj, Abdelwahab},
  booktitle={Proceedings of the 15th International Conference on Mining Software Repositories},
  pages={153--164},
  year={2018},
  organization={ACM}
}


@article{qiao2019effort,
  title={Effort-aware and just-in-time defect prediction with neural network},
  author={Qiao, Lei and Wang, Yan},
  journal={PloS one},
  volume={14},
  number={2},
  pages={e0211359},
  year={2019},
  publisher={Public Library of Science}
}

@article{quinlan1986induction,
  title={Induction of decision trees},
  author={Quinlan, J. Ross},
  journal={Machine learning},
  volume={1},
  number={1},
  pages={81--106},
  year={1986},
  publisher={Springer}
}

@inproceedings{davis2006relationship,
  title={The relationship between Precision-Recall and ROC curves},
  author={Davis, Jesse and Goadrich, Mark},
  booktitle={Proceedings of the 23rd international conference on Machine learning},
  pages={233--240},
  year={2006},
  organization={ACM}
}

@article{longadge2013class,
  title={Class imbalance problem in data mining review},
  author={Longadge, Rushi and Dongre, Snehalata},
  journal={arXiv preprint arXiv:1305.1707},
  year={2013}
}

@inproceedings{zhu2007semi,
  title={Semi-supervised learning tutorial},
  author={Zhu, Xiaojin},
  booktitle={International Conference on Machine Learning (ICML)},
  pages={1--135},
  year={2007}
}

@inproceedings{huang2017supervised,
  title={Supervised vs unsupervised models: A holistic look at effort-aware just-in-time defect prediction},
  author={Huang, Qiao and Xia, Xin and Lo, David},
  booktitle={2017 IEEE International Conference on Software Maintenance and Evolution (ICSME)},
  pages={159--170},
  year={2017},
  organization={IEEE}
}

@article{yang2017tlel,
  title={TLEL: A two-layer ensemble learning approach for just-in-time defect prediction},
  author={Yang, Xinli and Lo, David and Xia, Xin and Sun, Jianling},
  journal={Information and Software Technology},
  volume={87},
  pages={206--220},
  year={2017},
  publisher={Elsevier}
}

@inproceedings{fukushima2014empirical,
  title={An empirical study of just-in-time defect prediction using cross-project models},
  author={Fukushima, Takafumi and Kamei, Yasutaka and McIntosh, Shane and Yamashita, Kazuhiro and Ubayashi, Naoyasu},
  booktitle={Proceedings of the 11th Working Conference on Mining Software Repositories},
  pages={172--181},
  year={2014},
  organization={ACM}
}

@inproceedings{yang2015deep,
  title={Deep learning for just-in-time defect prediction},
  author={Yang, Xinli and Lo, David and Xia, Xin and Zhang, Yun and Sun, Jianling},
  booktitle={2015 IEEE International Conference on Software Qualaity, Reliability and Security},
  pages={17--26},
  year={2015},
  organization={IEEE}
}

@article{kim2008classifying,
  title={Classifying software changes: Clean or buggy?},
  author={Kim, Sunghun and Whitehead Jr, E James and Zhang, Yi},
  journal={IEEE Transactions on Software Engineering},
  volume={34},
  number={2},
  pages={181--196},
  year={2008},
  publisher={IEEE}
}

@inproceedings{kamei2016defect,
  title={Defect prediction: Accomplishments and future challenges},
  author={Kamei, Yasutaka and Shihab, Emad},
  booktitle={2016 IEEE 23rd international conference on software analysis, evolution, and reengineering (SANER)},
  volume={5},
  pages={33--45},
  year={2016},
  organization={IEEE}
}

@article{pradel2017deep,
  title={Deep learning to find bugs},
  author={Pradel, Michael and Sen, Koushik},
  journal={TU Darmstadt, Department of Computer Science},
  year={2017}
}

@article{tufano2019towards,
  title={Towards Predicting the Impact of Software Changes on Building Activities},
  author={Tufano, Michele and Sajnani, Hitesh and Herzig, Kim},
  journal={arXiv preprint arXiv:1901.07142},
  year={2019}
}

@article{wojcicki2018applying,
  title={Applying Machine Learning to Software Fault Prediction},
  author={W{\'o}jcicki, Bart{\l}omiej and Dabrowski, Robert},
  journal={e-Informatica Software Engineering Journal},
  volume={12},
  number={1},
  year={2018}
}

@inproceedings{eyolfson2011time,
  title={Do time of day and developer experience affect commit bugginess?},
  author={Eyolfson, Jon and Tan, Lin and Lam, Patrick},
  booktitle={Proceedings of the 8th Working Conference on Mining Software Repositories},
  pages={153--162},
  year={2011},
  organization={ACM}
}

@inproceedings{bettenburg2012think,
  title={Think locally, act globally: Improving defect and effort prediction models},
  author={Bettenburg, Nicolas and Nagappan, Meiyappan and Hassan, Ahmed E},
  booktitle={2012 9th IEEE Working Conference on Mining Software Repositories (MSR)},
  pages={60--69},
  year={2012},
  organization={IEEE}
}

@misc{liljeson2014software,
  title={Software defect prediction using machine learning on test and source code metrics},
  author={Liljeson, Mattias and Mohlin, Alexander},
  year={2014}
}

@misc{taneli2015improving,
  title={Improving Software Quality withSoftwareError Prediction},
  author={Taneli, Taipale},
  year={2015},
  publisher={University ofOulu. Finlandia}
}

@book{bishop2006pattern,
  title={Pattern recognition and machine learning},
  author={Bishop, Christopher M},
  year={2006},
  publisher={springer}
}

@article{grzymala1993selected,
  title={Selected algorithms of machine learning from examples},
  author={Grzymala-Busse, Jerzy W.},
  journal={Fundam. Inform.},
  volume={18},
  pages={193--207},
  year={1993}
}

@article{barandiaran1998random,
  title={The random subspace method for constructing decision forests},
  author={Barandiaran, I{\~n}igo},
  journal={IEEE transactions on pattern analysis and machine intelligence},
  volume={20},
  number={8},
  year={1998}
}

@article{breiman1996bagging,
  title={Bagging predictors},
  author={Breiman, Leo},
  journal={Machine learning},
  volume={24},
  number={2},
  pages={123--140},
  year={1996},
  publisher={Springer}
}

@article{sewell2008ensemble,
  title={Ensemble learning},
  author={Sewell, Martin},
  journal={RN},
  volume={11},
  number={02},
  year={2008}
}

@article{cunningham2007k,
  title={k-Nearest neighbour classifiers},
  author={Cunningham, Padraig and Delany, Sarah Jane},
  journal={Multiple Classifier Systems},
  volume={34},
  number={8},
  pages={1--17},
  year={2007},
  publisher={Springer-Verlag}
}

@inproceedings{jaskowiak2011comparing,
  title={Comparing correlation coefficients as dissimilarity measures for cancer classification in gene expression data},
  author={Jaskowiak, Pablo A and Campello, RJGB},
  booktitle={Proceedings of the Brazilian symposium on bioinformatics},
  pages={1--8},
  year={2011},
  organization={Bras{\'\i}lia}
}

@article{coomans1982alternative,
  title={Alternative k-nearest neighbour rules in supervised pattern recognition: Part 1. k-Nearest neighbour classification by using alternative voting rules},
  author={Coomans, Danny and Massart, D{\'e}sir{\'e} Luc},
  journal={Analytica Chimica Acta},
  volume={136},
  pages={15--27},
  year={1982},
  publisher={Elsevier}
}

@article{chapelle2006semi,
  title={Semi-supervised learning, vol. 2},
  author={Chapelle, Olivier and Sch{\"o}lkopf, Bernhard and Zien, Alexander and others},
  journal={Cambridge: MIT Press. Cortes, C., \& Mohri, M.(2014). Domain adaptation and sample bias correction theory and algorithm for regression. Theoretical Computer Science},
  volume={519},
  pages={103126},
  year={2006}
}

@article{triguero2015self,
  title={Self-labeled techniques for semi-supervised learning: taxonomy, software and empirical study},
  author={Triguero, Isaac and Garc{\'\i}a, Salvador and Herrera, Francisco},
  journal={Knowledge and Information systems},
  volume={42},
  number={2},
  pages={245--284},
  year={2015},
  publisher={Springer}
}

@inproceedings{yan2017file,
  title={File-level defect prediction: Unsupervised vs. supervised models},
  author={Yan, Meng and Fang, Yicheng and Lo, David and Xia, Xin and Zhang, Xiaohong},
  booktitle={2017 ACM/IEEE International Symposium on Empirical Software Engineering and Measurement (ESEM)},
  pages={344--353},
  year={2017},
  organization={IEEE}
}

@inproceedings{jiang2013personalized,
  title={Personalized defect prediction},
  author={Jiang, Tian and Tan, Lin and Kim, Sunghun},
  booktitle={2013 28th IEEE/ACM International Conference on Automated Software Engineering (ASE)},
  pages={279--289},
  year={2013},
  organization={Ieee}
}

@inproceedings{wang2016automatically,
  title={Automatically learning semantic features for defect prediction},
  author={Wang, Song and Liu, Taiyue and Tan, Lin},
  booktitle={2016 IEEE/ACM 38th International Conference on Software Engineering (ICSE)},
  pages={297--308},
  year={2016},
  organization={IEEE}
}

@inproceedings{zhang2007predicting,
  title={Predicting defective software components from code complexity measures},
  author={Zhang, Hongyu and Zhang, Xiuzhen and Gu, Ming},
  booktitle={13th Pacific Rim International Symposium on Dependable Computing (PRDC 2007)},
  pages={93--96},
  year={2007},
  organization={IEEE}
}

@MISC{rocCases,
    author = {Sarang Narkhede},
    title = {Understanding AUC - ROC Curve},
    year = {2018},
    url = {https://towardsdatascience.com/understanding-auc-roc-curve-68b2303cc9c5}
}

@inproceedings{naranyanan2008robust,
  title={Robust de-anonymization of large datasets},
  author={Naranyanan, A and Shmatikov, V},
  booktitle={Proceedings of the 2008 IEEE Symposium on Security and Privacy, May 2008},
  year={2008}
}